@article{Dunavant,
    author = {Dunavant, D. A.},
    title = {High degree efficient symmetrical Gaussian quadrature rules for the triangle},
    journal = {International Journal for Numerical Methods in Engineering},
    volume = {21},
    number = {6},
    pages = {1129-1148},
    doi = {10.1002/nme.1620210612}
}

@article{CHINVIRIYASIT,
title = "Numerical modelling of an SIR epidemic model with diffusion",
journal = "Applied Mathematics and Computation",
volume = "216",
number = "2",
year = "2010",
author = {Settapat Chinviriyasit, Wirawan Chinviriyasit}
}

@Article{Garvie2015,
author="Garvie, Marcus R.
and Burkardt, John
and Morgan, Jeff",
title="Simple Finite Element Methods for Approximating Predator--Prey Dynamics in Two Dimensions Using Matlab",
journal="Bulletin of Mathematical Biology",
year="2015",
month=3,
day="01",
volume="77",
number="3",
pages="548--578",
issn="1522-9602",
doi="10.1007/s11538-015-0062-z",
url="https://doi.org/10.1007/s11538-015-0062-z"
}

@book{HesthavenWarburton,
 author = {Hesthaven, Jan S. and Warburton, Tim},
 title = {Nodal Discontinuous Galerkin Methods: Algorithms, Analysis, and Applications},
 year = {2010},
 isbn = {1441924639, 9781441924636},
 edition = {1st},
 publisher = {Springer Publishing Company, Incorporated}
} 

@article {Kermack,
	author = {Kermack, W.O and McKendrick, A. G.},
	title = {A contribution to the mathematical theory of epidemics},
	year = {1927},
	publisher = {The Royal Society},
	issn = {0950-1207},
	journal = {Proceedings of the Royal Society of London A: Mathematical, Physical and Engineering Sciences}
}
